@online{vlastnostikub,
   author = {IBM, Cloud Education},
  title  = {KUBERNETES: FEATURES AND BENEFITS},
  url   = {https://www.criticalcase.com/blog/kubernetes-features-and-benefits.html},
  urldate = {2021-10-20}

}

@online{pipe,
  author  ={Sascha Heyer},
  title = {Kubeflow Components and Pipelines},
  url = {https://towardsdatascience.com/kubeflow-components-and-pipelines-33a1aa3cc338},
  urldate    = {2021-11-30}
}

@online{etcd,
  author = {Red Hat, redhat.com},
  title  = {What is etcd?},
  url   = {https://www.redhat.com/en/topics/containers/what-is-etcd},
  urldate = {2021-10-25}
}
@online{microibm,
  author = {IBM, Cloud Education},
  title  = {What are microservices?},
  url   = {https://www.ibm.com/cloud/learn/microservices},
  urldate = {2021-10-20}
}
@online{container,
  author = {Citrix Systems, citrix.com},
  title  = {What is containerization?},
  url   = {https://www.citrix.com/solutions/app-delivery-and-security/what-is-containerization.html},
  urldate = {2021-10-30}
}
@online{k3s,
  author = {Rancher, rancher.com},
  title  = {K3s - Lightweight Kubernetes},
  url   = {https://rancher.com/docs/k3s/latest/en/},
  urldate = {2021-10-26}
}
@online{microservices,
  author = {Chris Richardson},
  title  = {Pattern: Microservice Architecture},
  url   = {https://microservices.io/patterns/microservices.html},
  urldate = {2021-11-05}
}
@online{kubeproxy,
  author = {Amazon Web Services, docs.aws.amazon.com},
  title  = {Managing the kube-proxy add-on},
  url   = {https://docs.aws.amazon.com/eks/latest/userguide/managing-kube-proxy.html},
  urldate = {2021-10-20}
}
@online{work,
  author = {Kubeflow, kubeflow.org},
  title  = {Architecture},
  url   = {https://www.kubeflow.org/docs/started/kubeflow-overview},
  urldate    = {2021-11-30},
}
@online{kubernetes,
  author={Kubernetes, kubernetes.io},
  title= {What is Kubernetes?},
  url = {https://kubernetes.io/docs/concepts/overview/what-is-kubernetes},
  urldate = {2021-10-20},
}
@online{kubernetes2,
  author = {Bytemark, docs.bytemark.co.uk},
  title = {Kubernetes Terminology: Glossary},
  url = {https://docs.bytemark.co.uk/article/kubernetes-terminology-glossary},
  urldate = {2021-10-20},
}
@online{containersvsvirtual1,
  author = {Microsoft, docs.aws.microsoft.com},
  title  = {Containers vs. virtual machines},
  url   = {https://docs.microsoft.com/en-us/virtualization/windowscontainers/about/containers-vs-vm},
  urldate = {2021-11-09}
}
@online{katib,
  author = {Kubeflow, kubeflow.org},
  title  = {Introduction to Katib},
  url   = {https://www.kubeflow.org/docs/components/katib/overview/},
  urldate = {2021-11-30}
}
@online{operator,
  author = {Kubeflow, kubeflow.org},
  title  = {Kubeflow Operator introduction},
  url   = {https://www.kubeflow.org/docs/distributions/operator/introduction/},
  urldate = {2021-11-30}
}
@online{containervsvirtual,
  author ={WEAVEWORKS, weave.works},
  title  = {Docker vs Virtual Machines (VMs) : A Practical Guide to Docker Containers and VMs},
  url  = {https://www.weave.works/blog/a-practical-guide-to-choosing-between-docker-containers-and-vms},
  urldate    = {2021-11-09},
}
@online{systemvsapli,
author = {Excella, excella.com},
  title  = {Application vs System Container},
  url   = {https://www.excella.com/insights/application-vs-system-containersv},
  urldate    = {2021-11-09},
}
@online{systemvsapli1,
  author = {Jelastic, jelastic.com},
  title  = {What are Application Containers?},
  url   = {https://docs.jelastic.com/what-are-application-containers/},
  urldate = {2021-11-09}
}
@online{kubeapiserver,
  author= {John Withers},
  title= {What Is Kubernetes? An Introduction to the Wildly Popular Container Orchestration Platform},
    url = {https://newrelic.com/blog/how-to-relic/what-is-kubernetes},
  urldate    = {2021-10-20},
}
@online{kubecontroler,
author = {Gaurav Gupta},
  title  = {Components of Kubernetes Architecture},
  url   = {https://kumargaurav1247.medium.com/components-of-kubernetes-architecture-6feea4d5c712},
  urldate    = {2021-10-22},
}
@web{archkuber,
  author  = {Wait, Docker is deprecated in Kubernetes now? What do I do?},
  title   = {https://dev.to/inductor/wait-docker-is-deprecated-in-kubernetes-now-what-do-i-do-e4m},
  year    = 2021,
}
@online{comparetool,
  author = {MicroK8s, microk8s.io},
  title  = {MicroK8s documentation},
  url   = {https://microk8s.io/docs},
  urldate = {2021-10-28}
}
@online{orchestrate,
  author  = {VMware, vmware.com},
  title   = {Why use containers vs. VMs?},
  url = {https://www.vmware.com/topics/glossary/content/container-orchestration.html},
  urldate    = {2021-11-05}
}
@online{containersvsvirtual2,
  author  = {Aqua Security Software, aquasec.com},
  title   = {Docker Containers vs. Virtual Machines},
  url = {https://www.aquasec.com/cloud-native-academy/docker-container/docker-containers-vs-virtual-machines/},
  urldate    = {2021-11-09}
}



@article{article,
  author  = {Peter Adams},
  title   = {The title of the work},
  journal = {The name of the journal},
  year    = 1993,
  number  = 2,
  pages   = {201-213},
  month   = 7,
  note    = {An optional note},
  volume  = 4
}

@book{book,
  author    = {Peter Babington},
  title     = {The title of the work},
  publisher = {The name of the publisher},
  year      = 1993,
  volume    = 4,
  series    = 10,
  address   = {The address},
  edition   = 3,
  month     = 7,
  note      = {An optional note},
  isbn      = {3257227892}
}

@booklet{booklet,
  title        = {The title of the work},
  author       = {Peter Caxton},
  howpublished = {How it was published},
  address      = {The address of the publisher},
  month        = 7,
  year         = 1993,
  note         = {An optional note}
}

@conference{conference,
  author       = {Peter Draper},
  title        = {The title of the work},
  booktitle    = {The title of the book},
  year         = 1993,
  editor       = {The editor},
  volume       = 4,
  series       = 5,
  pages        = 213,
  address      = {The address of the publisher},
  month        = 7,
  organization = {The organization},
  publisher    = {The publisher},
  note         = {An optional note}
}

@inbook{inbook,
  author       = {Peter Eston},
  title        = {The title of the work},
  chapter      = 8,
  pages        = {201-213},
  publisher    = {The name of the publisher},
  year         = 1993,
  volume       = 4,
  series       = 5,
  address      = {The address of the publisher},
  edition      = 3,
  month        = 7,
  note         = {An optional note}
}

@incollection{incollection,
  author       = {Peter Farindon},
  title        = {The title of the work},
  booktitle    = {The title of the book},
  publisher    = {The name of the publisher},
  year         = 1993,
  editor       = {The editor},
  volume       = 4,
  series       = 5,
  chapter      = 8,
  pages        = {201-213},
  address      = {The address of the publisher},
  edition      = 3,
  month        = 7,
  note         = {An optional note}
}

@manual{manual,
  title        = {The title of the work},
  author       = {Peter Gainsford},
  organization = {The organization},
  address      = {The address of the publisher},
  edition      = 3,
  month        = 7,
  year         = 1993,
  note         = {An optional note}
}

@mastersthesis{mastersthesis,
  author       = {Peter Harwood},
  title        = {The title of the work},
  school       = {The school where the thesis was written},
  year         = 1993,
  address      = {The address of the publisher},
  month        = 7,
  note         = {An optional note}
}

@misc{misc,
  author       = {Peter Isley},
  title        = {The title of the work},
  howpublished = {How it was published},
  month        = 7,
  year         = 1993,
  note         = {An optional note}
}

@phdthesis{phdthesis,
  author       = {Peter Joslin},
  title        = {The title of the work},
  school       = {The school where the thesis was written},
  year         = 1993,
  address      = {The address of the publisher},
  month        = 7,
  note         = {An optional note}
}

@proceedings{proceedings,
  title        = {The title of the work},
  year         = 1993,
  editor       = {Peter Kidwelly},
  volume       = 4,
  series       = 5,
  address      = {The address of the publisher},
  month        = 7,
  organization = {The organization},
  publisher    = {The name of the publisher},
  note         = {An optional note}
}

@techreport{techreport,
  author       = {Peter Lambert},
  title        = {The title of the work},
  institution  = {The institution that published},
  year         = 1993,
  number       = 2,
  address      = {The address of the publisher},
  month        = 7,
  note         = {An optional note}
}

@unpublished{unpublished,
  author       = {Peter Marcheford},
  title        = {The title of the work},
  note         = {An optional note},
  month        = 7,
  year         = 1993
}
